<?xml version="1.0" encoding="UTF-8"?>
<record xmlns="http://www.loc.gov/MARC21/slim">
   <leader>02185cam a2200421   4500</leader>
   <controlfield tag="001">468077</controlfield>
   <controlfield tag="003">NjP</controlfield>
   <controlfield tag="005">20190705140814.0</controlfield>
   <controlfield tag="008">880921s1924    le       b    000 0 arard</controlfield>
   <datafield tag="024" ind1="7" ind2=" ">
      <subfield code="a">princeton_aco004955</subfield>
      <subfield code="2">local</subfield>
   </datafield>
   <datafield ind1=" " ind2=" " tag="010">
      <subfield code="a">   58004726 </subfield>
   </datafield>
   <datafield ind1=" " ind2=" " tag="035">
      <subfield code="a">(CStRLIN)NJPG88-B47150</subfield>
   </datafield>
   <datafield ind1=" " ind2=" " tag="035">
      <subfield code="9">ACE3743TS</subfield>
   </datafield>
   <datafield ind1=" " ind2=" " tag="035">
      <subfield code="a">(NjP)468077</subfield>
   </datafield>
   <datafield ind1=" " ind2=" " tag="040">
      <subfield code="a">PUL</subfield>
      <subfield code="c">PUL</subfield>
      <subfield code="d">PUL</subfield>
   </datafield>
   <datafield ind1="0" ind2=" " tag="041">
      <subfield code="a">arafre</subfield>
   </datafield>
   <datafield ind1=" " ind2=" " tag="049">
      <subfield code="a">PULL</subfield>
   </datafield>
   <datafield ind1="0" ind2=" " tag="050">
      <subfield code="a">Z6605.A6</subfield>
      <subfield code="b">C45</subfield>
   </datafield>
   <datafield ind1=" " ind2=" " tag="019">
      <subfield code="a">51782623</subfield>
   </datafield>
   <datafield ind1=" " ind2=" " tag="035">
      <subfield code="a">(OCoLC)ocm23485880</subfield>
      <subfield code="z">(OCoLC)ocm51782623</subfield>
   </datafield>
   <datafield ind1="1" ind2=" " tag="100">
      <subfield code="a">Cheikho, Louis,</subfield>
      <subfield code="d">1859-1927.</subfield>
      <subfield code="0">http://id.loc.gov/authorities/names/n82234894</subfield>
   </datafield>
   <datafield ind1="1" ind2="0" tag="245">
      <subfield code="6">880-01</subfield>
      <subfield code="a">Kitāb al-makhṭūṭāt al-ʻArabīyah li-katabat al-Naṣrānīyah,</subfield>
      <subfield code="c">jamaʻahā wa-naẓẓamahā ʻalá tartīb asmāʼ muʼallifīhā Luwīs Shaykhū. Nasharahā awwalan fī majallat al-Mashriq, thumma aḍāfa ilayhā maʻlūmāt jadīdah wa-ʻallaqa ʻalayhā fihrisayn wāsiʻayn.</subfield>
   </datafield>
   <datafield ind1=" " ind2=" " tag="260">
      <subfield code="6">880-02</subfield>
      <subfield code="a">Bayrūt,</subfield>
      <subfield code="b">Maṭbaʻat al-Ābāʼ al-Yasūʻīyīn,</subfield>
      <subfield code="c">1924.</subfield>
   </datafield>
   <datafield ind1=" " ind2=" " tag="300">
      <subfield code="a">286 p.</subfield>
      <subfield code="c">24 cm.</subfield>
   </datafield>
   <datafield ind1=" " ind2=" " tag="500">
      <subfield code="a">Added t.p.: Catalogue des manuscrits des auteurs arabes chrétiens depuis l'Islam.</subfield>
   </datafield>
   <datafield ind1=" " ind2=" " tag="500">
      <subfield code="a">Introduction in French.</subfield>
   </datafield>
   <datafield ind1=" " ind2="0" tag="650">
      <subfield code="a">Manuscripts, Arabic</subfield>
      <subfield code="x">Bibliography.</subfield>
   </datafield>
   <datafield ind1=" " ind2="0" tag="650">
      <subfield code="a">Arabic literature</subfield>
      <subfield code="x">Christian authors</subfield>
      <subfield code="x">Bibliography.</subfield>
   </datafield>
   <datafield ind1="0" ind2=" " tag="740">
      <subfield code="6">880-03</subfield>
      <subfield code="a">Makhṭūṭāt al-ʻArabīyah li-katabat al-Naṣrānīyah.</subfield>
   </datafield>
   <datafield ind1="0" ind2=" " tag="740">
      <subfield code="a">Catalogue des manuscrits des auteurs arabes chrétiens depuis l'Islam.</subfield>
   </datafield>
   <datafield ind1="1" ind2="0" tag="880">
      <subfield code="6">245-01/r</subfield>
      <subfield code="a">كتاب المخطوطات العربية لكتبة النصرانية،</subfield>
      <subfield code="c">جمعها ونظمها على ترتيب اسماء مؤلفيها لويس شيخوا. نشرها اولن في مجلة المشرق، ثم اضاف اليها معلومات جديدة وعلق عليها فهرسين واسعين.</subfield>
   </datafield>
   <datafield ind1=" " ind2=" " tag="880">
      <subfield code="6">260-02/r</subfield>
      <subfield code="a">بيروت،</subfield>
      <subfield code="b">مطبعة الاباء اليسوعيين،</subfield>
      <subfield code="c">1924.</subfield>
   </datafield>
   <datafield ind1="0" ind2=" " tag="880">
      <subfield code="6">740-03/r</subfield>
      <subfield code="a">مخطوطات العربية لكتبة النصرانية.</subfield>
   </datafield>
   <datafield ind1=" " ind2=" " tag="998">
      <subfield code="a">04/10/91</subfield>
      <subfield code="s">9114</subfield>
      <subfield code="n">NjP</subfield>
      <subfield code="w">NJPG88B47150</subfield>
      <subfield code="d">09/21/88</subfield>
      <subfield code="c">JCB</subfield>
      <subfield code="b">MT</subfield>
      <subfield code="i">910410</subfield>
      <subfield code="l">NJPG</subfield>
   </datafield>
   <datafield ind1=" " ind2=" " tag="948">
      <subfield code="a">CON/AACR2x</subfield>
   </datafield>
   <datafield ind1=" " ind2=" " tag="911">
      <subfield code="a">19921028</subfield>
   </datafield>
   <datafield ind1=" " ind2=" " tag="912">
      <subfield code="a">19910410000000.0</subfield>
   </datafield>
   <datafield ind1=" " ind2=" " tag="994">
      <subfield code="a">C0</subfield>
      <subfield code="b">PUL</subfield>
   </datafield>
   <datafield ind1=" " ind2=" " tag="999">
      <subfield code="a">468077</subfield>
   </datafield>
   <datafield ind1=" " ind2=" " tag="979">
      <subfield code="a">(OCoLC)ocn175475676</subfield>
   </datafield>
   <datafield ind1="0" ind2="0" tag="852">
      <subfield code="0">508887</subfield>
      <subfield code="b">rcppa</subfield>
      <subfield code="t">1</subfield>
      <subfield code="h">Z6605.A6</subfield>
      <subfield code="i">C45 1924</subfield>
      <subfield code="x">tr fr f</subfield>
   </datafield>
   <datafield ind1="0" ind2="0" tag="852">
      <subfield code="0">508888</subfield>
      <subfield code="b">nec</subfield>
      <subfield code="t">1</subfield>
      <subfield code="h">Z6605.A6</subfield>
      <subfield code="i">C45</subfield>
   </datafield>
   <datafield ind1=" " ind2=" " tag="959">
      <subfield code="a">2000-06-13 00:00:00 -0400</subfield>
   </datafield>
</record>
